<record><leader>00000cas a2200000 a 4500</leader><controlfield tag="001">15272169</controlfield><controlfield tag="008">870305d1835183uiluwr ne      0   a0eng c</controlfield><datafield ind1=" " ind2=" " tag="010"><subfield code="a">sn 87082116 </subfield></datafield><datafield ind1=" " ind2=" " tag="040"><subfield code="a">NPV</subfield><subfield code="b">eng</subfield><subfield code="c">NPV</subfield><subfield code="d">NVF</subfield><subfield code="d">OCL</subfield><subfield code="d">NVF</subfield><subfield code="d">OCLCQ</subfield><subfield code="d">OCLCF</subfield><subfield code="d">OCLCO</subfield><subfield code="d">NVF</subfield><subfield code="d">OCLCO</subfield><subfield code="d">OCL</subfield></datafield><datafield ind1=" " ind2=" " tag="042"><subfield code="a">pcc</subfield></datafield><datafield ind1=" " ind2=" " tag="043"><subfield code="a">n-us-il</subfield></datafield><datafield ind1="0" ind2="0" tag="245"><subfield code="a">Rushville journal and military tract advertiser.</subfield></datafield><datafield ind1=" " ind2=" " tag="260"><subfield code="a">Rushville, Schuyler County, Ill. :</subfield><subfield code="b">Davis &amp; Renfroe</subfield></datafield><datafield ind1=" " ind2=" " tag="300"><subfield code="a">volumes</subfield></datafield><datafield ind1=" " ind2=" " tag="310"><subfield code="a">Weekly</subfield></datafield><datafield ind1="1" ind2=" " tag="362"><subfield code="a">Began in 1835.</subfield></datafield><datafield ind1=" " ind2=" " tag="588"><subfield code="a">Description based on: Vol. 1, no. 8 (June 27, 1835).</subfield></datafield><datafield ind1=" " ind2=" " tag="588"><subfield code="a">Latest issue consulted: Vol. 1, no. 44 (Mar. 5, 1836).</subfield></datafield><datafield ind1=" " ind2="0" tag="650"><subfield code="a">Land grants</subfield><subfield code="z">Illinois</subfield><subfield code="z">Rushville</subfield><subfield code="v">Newspapers.</subfield></datafield><datafield ind1=" " ind2="0" tag="651"><subfield code="a">Rushville (Ill.)</subfield><subfield code="v">Newspapers.</subfield></datafield><datafield ind1=" " ind2="7" tag="650"><subfield code="a">Land grants.</subfield><subfield code="2">fast</subfield><subfield code="0">(OCoLC)fst00991259</subfield></datafield><datafield ind1=" " ind2="7" tag="651"><subfield code="a">Illinois</subfield><subfield code="z">Rushville.</subfield><subfield code="2">fast</subfield><subfield code="0">(OCoLC)fst01238903</subfield></datafield><datafield ind1=" " ind2="7" tag="655"><subfield code="a">Newspapers.</subfield><subfield code="2">fast</subfield><subfield code="0">(OCoLC)fst01423814</subfield></datafield><datafield ind1=" " ind2=" " tag="752"><subfield code="a">United States</subfield><subfield code="b">Illinois</subfield><subfield code="c">Schuyler County</subfield><subfield code="d">Rushville.</subfield></datafield><datafield ind1="0" ind2="0" tag="785"><subfield code="t">Rushville journal</subfield><subfield code="w">(DLC)sn 87082117</subfield><subfield code="w">(OCoLC)15272253</subfield></datafield><datafield ind1="1" ind2=" " tag="029"><subfield code="a">AU@</subfield><subfield code="b">000020119483</subfield></datafield></record>